@article{favsport,
  title={Pro football is still America's favorite sport},
  author={Shannon-Missal, L.},
  year={2016},
  publisher={Harris Poll}
}
@article{ncaa,
  title={NCAA sports sponsorship and participation rates report.},
  author={Irick, E.},
  year={2014},
  publisher={Indianapolis, IN: National Collegiate Athletic Association }
}
@article{forcast,
  title={Forecasting methods and applications},
  author={John wiley},
  year={2008}
}
@book{mitchell1998introduction,
  title={An introduction to genetic algorithms},
  author={Mitchell, Melanie},
  year={1998},
  publisher={MIT press}
}

@article{mitchell1995genetic,
  title={Genetic algorithms: An overview},
  author={Mitchell, Melanie},
  journal={Complexity},
  volume={1},
  number={1},
  pages={31--39},
  year={1995},
  publisher={Wiley Online Library}
}

@inproceedings{blaikie2011nfl,
  title={NFL \& NCAA Football Prediction using Artificial Neural Networks},
  author={Blaikie, Andrew D and Abud, Gabriel J and David, John A and Pasteur, R Drew},
  booktitle={Proceedings of the Midstates Conference for Undergraduate Research in Computer Science and Mathematics, Denison University, Granville, OH},
  year={2011}
}

@article{bashiri2011tuning,
  title={Tuning the parameters of an artificial neural network using central composite design and genetic algorithm},
  author={Bashiri, M and Geranmayeh, A Farshbaf},
  journal={Scientia Iranica},
  volume={18},
  number={6},
  pages={1600--1608},
  year={2011},
  publisher={Elsevier}
}
@article{david2011nfl,
  title={NFL prediction using committees of artificial neural networks},
  author={David, John A and Pasteur, R Drew and Ahmad, M Saif and Janning, Michael C},
  journal={Journal of Quantitative Analysis in Sports},
  volume={7},
  number={2},
  year={2011},
  publisher={De Gruyter}
}

@article{purucker1996neural,
  title={Neural network quarterbacking},
  author={Purucker, Michael C},
  journal={IEEE Potentials},
  volume={15},
  number={3},
  pages={9--15},
  year={1996},
  publisher={IEEE}
}

